<record><leader>00000cas a22000007i 4500</leader><controlfield tag="001">895039697</controlfield><controlfield tag="006">m     o  d        </controlfield><controlfield tag="007">cr |n|000|||||</controlfield><controlfield tag="008">890213d18961952tnuwr neo     0   a0eng  </controlfield><datafield ind1=" " ind2=" " tag="010"><subfield code="a">  2014218851</subfield></datafield><datafield ind1=" " ind2=" " tag="040"><subfield code="a">Nz</subfield><subfield code="b">eng</subfield><subfield code="e">rda</subfield><subfield code="c">Z5A</subfield><subfield code="d">OCLCO</subfield><subfield code="d">DLC</subfield><subfield code="d">OCLCF</subfield></datafield><datafield ind1="0" ind2=" " tag="022"><subfield code="a">2376-662X</subfield><subfield code="2">1</subfield></datafield><datafield ind1="0" ind2=" " tag="029"><subfield code="a">NZ1</subfield><subfield code="b">15700872</subfield></datafield><datafield ind1=" " ind2=" " tag="042"><subfield code="a">msc</subfield><subfield code="a">nsdp</subfield></datafield><datafield ind1=" " ind2=" " tag="043"><subfield code="a">n-us-tn</subfield></datafield><datafield ind1="1" ind2="0" tag="050"><subfield code="a">ISSN RECORD</subfield></datafield><datafield ind1="0" ind2="0" tag="082"><subfield code="a">071</subfield><subfield code="2">23</subfield></datafield><datafield ind1=" " ind2="0" tag="222"><subfield code="a">Sequachee Valley news</subfield><subfield code="b">(Online)</subfield></datafield><datafield ind1="0" ind2="0" tag="245"><subfield code="a">Sequachee Valley news.</subfield></datafield><datafield ind1="1" ind2=" " tag="246"><subfield code="i">Issues for Sept. 1-Nov. 24, 1898 have title:</subfield><subfield code="a">Sequachee Valley news-banner</subfield></datafield><datafield ind1="1" ind2=" " tag="246"><subfield code="i">Supplements for Aug. 25-Nov. 24, 1898 have title:</subfield><subfield code="a">Sequachee Valley news consolidated with South Pittsburg banner</subfield></datafield><datafield ind1=" " ind2="1" tag="264"><subfield code="a">Sequachee [Sequatchie], Tenn. :</subfield><subfield code="b">Hill &amp; Son,</subfield><subfield code="c">1896-</subfield></datafield><datafield ind1=" " ind2=" " tag="300"><subfield code="a">1 online resource</subfield></datafield><datafield ind1=" " ind2=" " tag="310"><subfield code="a">Weekly</subfield></datafield><datafield ind1=" " ind2=" " tag="336"><subfield code="a">text</subfield><subfield code="b">txt</subfield><subfield code="2">rdacontent</subfield></datafield><datafield ind1=" " ind2=" " tag="337"><subfield code="a">computer</subfield><subfield code="b">c</subfield><subfield code="2">rdamedia</subfield></datafield><datafield ind1=" " ind2=" " tag="338"><subfield code="a">online resource</subfield><subfield code="b">cr</subfield><subfield code="2">rdacarrier</subfield></datafield><datafield ind1="1" ind2=" " tag="362"><subfield code="a">Began with vol. 4, no. 1 (July 9, 1896); ceased September 25, 1952.</subfield></datafield><datafield ind1=" " ind2=" " tag="588"><subfield code="a">Description based on: Vol. 4, no. 1 (July 9, 1896); title from masthead (Chroniclingamerica.loc.gov, viewed December 16, 2014).</subfield></datafield><datafield ind1=" " ind2=" " tag="588"><subfield code="a">Latest issue consulted: Vol. XVII, no. 24 (December 30, 1909) (Chroniclingamerica.loc.gov, viewed December 16, 2014).</subfield></datafield><datafield ind1=" " ind2="0" tag="651"><subfield code="a">Sequatchie River Valley (Tenn.)</subfield><subfield code="v">Newspapers.</subfield></datafield><datafield ind1=" " ind2="0" tag="651"><subfield code="a">Marion County (Tenn.)</subfield><subfield code="v">Newspapers.</subfield></datafield><datafield ind1=" " ind2="7" tag="655"><subfield code="a">Newspapers.</subfield><subfield code="2">fast</subfield><subfield code="0">(OCoLC)fst01423814</subfield></datafield><datafield ind1=" " ind2="7" tag="651"><subfield code="a">Tennessee</subfield><subfield code="z">Marion County.</subfield><subfield code="2">fast</subfield><subfield code="0">(OCoLC)fst01224657</subfield></datafield><datafield ind1=" " ind2="7" tag="651"><subfield code="a">Tennessee</subfield><subfield code="z">Sequatchie River Valley.</subfield><subfield code="2">fast</subfield><subfield code="0">(OCoLC)fst01275328</subfield></datafield><datafield ind1=" " ind2=" " tag="752"><subfield code="a">United States</subfield><subfield code="b">Tennessee</subfield><subfield code="c">Marion</subfield><subfield code="d">Sequatchie.</subfield></datafield><datafield ind1="0" ind2="8" tag="776"><subfield code="i">Originally issued in print:</subfield><subfield code="t">Sequachee Valley news</subfield><subfield code="x">2376-6611</subfield><subfield code="w">(DLC)sn 89058250</subfield><subfield code="w">(OCoLC)19175696</subfield></datafield><datafield ind1="0" ind2="0" tag="780"><subfield code="t">Sequachee news</subfield><subfield code="x">2376-6581</subfield><subfield code="w">(DLC)  2014218850</subfield><subfield code="w">(OCoLC)895039859</subfield></datafield><datafield ind1="0" ind2="5" tag="780"><subfield code="t">South Pittsburg banner</subfield><subfield code="g">Aug. 25, 1898</subfield></datafield><datafield ind1="4" ind2="0" tag="856"><subfield code="u">http://www.loc.gov/chroniclingamerica/lccn/sn89058250/issues</subfield></datafield></record>